%YAML 1.1
%TAG !u! tag:unity3d.com,2011:
--- !u!1 &4894997110285923802
GameObject:
  m_ObjectHideFlags: 0
  m_CorrespondingSourceObject: {fileID: 0}
  m_PrefabInstance: {fileID: 0}
  m_PrefabAsset: {fileID: 0}
  serializedVersion: 6
  m_Component:
  - component: {fileID: 4894997110285923797}
  - component: {fileID: 4894997110285923799}
  - component: {fileID: 4894997110285923796}
  - component: {fileID: -9204289047966171610}
  - component: {fileID: 773467692296258264}
  - component: {fileID: -9100243196573347616}
  m_Layer: 5
  m_Name: Heirloom Particle HUD
  m_TagString: Untagged
  m_Icon: {fileID: 0}
  m_NavMeshLayer: 0
  m_StaticEditorFlags: 0
  m_IsActive: 1
--- !u!224 &4894997110285923797
RectTransform:
  m_ObjectHideFlags: 0
  m_CorrespondingSourceObject: {fileID: 0}
  m_PrefabInstance: {fileID: 0}
  m_PrefabAsset: {fileID: 0}
  m_GameObject: {fileID: 4894997110285923802}
  m_LocalRotation: {x: 0, y: 0, z: 0, w: 1}
  m_LocalPosition: {x: 0, y: 0, z: 0.01}
  m_LocalScale: {x: 1, y: 1, z: 1}
  m_Children:
  - {fileID: 2840192443319958496}
  m_Father: {fileID: 0}
  m_RootOrder: 0
  m_LocalEulerAnglesHint: {x: 0, y: 0, z: 0}
  m_AnchorMin: {x: 0.5, y: 0.5}
  m_AnchorMax: {x: 0.5, y: 0.5}
  m_AnchoredPosition: {x: 0, y: 0}
  m_SizeDelta: {x: 100, y: 100}
  m_Pivot: {x: 0.5, y: 0.5}
--- !u!222 &4894997110285923799
CanvasRenderer:
  m_ObjectHideFlags: 0
  m_CorrespondingSourceObject: {fileID: 0}
  m_PrefabInstance: {fileID: 0}
  m_PrefabAsset: {fileID: 0}
  m_GameObject: {fileID: 4894997110285923802}
  m_CullTransparentMesh: 0
--- !u!114 &4894997110285923796
MonoBehaviour:
  m_ObjectHideFlags: 0
  m_CorrespondingSourceObject: {fileID: 0}
  m_PrefabInstance: {fileID: 0}
  m_PrefabAsset: {fileID: 0}
  m_GameObject: {fileID: 4894997110285923802}
  m_Enabled: 1
  m_EditorHideFlags: 0
  m_Script: {fileID: 11500000, guid: 16f0b0b6d0b7542bfbd20a3e05b04ff1, type: 3}
  m_Name: 
  m_EditorClassIdentifier: 
  m_Material: {fileID: 0}
  m_Color: {r: 1, g: 1, b: 1, a: 1}
  m_RaycastTarget: 1
  m_OnCullStateChanged:
    m_PersistentCalls:
      m_Calls: []
    m_TypeName: UnityEngine.UI.MaskableGraphic+CullStateChangedEvent, UnityEngine.UI,
      Version=1.0.0.0, Culture=neutral, PublicKeyToken=null
  m_ParticleSystem: {fileID: 7856000411671680189}
  m_TrailParticle: {fileID: 0}
  m_IsTrail: 0
  m_Scale: 100
  m_IgnoreParent: 0
  m_AnimatableProperties: []
--- !u!114 &-9204289047966171610
MonoBehaviour:
  m_ObjectHideFlags: 0
  m_CorrespondingSourceObject: {fileID: 0}
  m_PrefabInstance: {fileID: 0}
  m_PrefabAsset: {fileID: 0}
  m_GameObject: {fileID: 4894997110285923802}
  m_Enabled: 1
  m_EditorHideFlags: 0
  m_Script: {fileID: 11500000, guid: afc3135f9b5f7b5478b3a0645904bd2c, type: 3}
  m_Name: 
  m_EditorClassIdentifier: 
  maxPoolSize: 10
  preloadCount: 0
  doNotDestroyOnLoad: 0
  sendAwakeStartOnDestroyMessage: 0
  sendPoolableActivateDeactivateMessages: 0
--- !u!114 &773467692296258264
MonoBehaviour:
  m_ObjectHideFlags: 0
  m_CorrespondingSourceObject: {fileID: 0}
  m_PrefabInstance: {fileID: 0}
  m_PrefabAsset: {fileID: 0}
  m_GameObject: {fileID: 4894997110285923802}
  m_Enabled: 1
  m_EditorHideFlags: 0
  m_Script: {fileID: 11500000, guid: 9f34f4241faab4b11b8c6e8d26bd2272, type: 3}
  m_Name: 
  m_EditorClassIdentifier: 
  particle: {fileID: 7856000411671680189}
--- !u!114 &-9100243196573347616
MonoBehaviour:
  m_ObjectHideFlags: 0
  m_CorrespondingSourceObject: {fileID: 0}
  m_PrefabInstance: {fileID: 0}
  m_PrefabAsset: {fileID: 0}
  m_GameObject: {fileID: 4894997110285923802}
  m_Enabled: 1
  m_EditorHideFlags: 0
  m_Script: {fileID: 11500000, guid: 6db5831d30f1b06438dfc2ab9141f204, type: 3}
  m_Name: 
  m_EditorClassIdentifier: 
  onEnable: effect_reward
  onDisable: 
  onStart: 
  onDestroy: 
--- !u!1001 &6584847190813925693
PrefabInstance:
  m_ObjectHideFlags: 0
  serializedVersion: 2
  m_Modification:
    m_TransformParent: {fileID: 4894997110285923797}
    m_Modifications:
    - target: {fileID: 3792034551047494600, guid: ba607ee46c44f524f96b994471b5331a,
        type: 3}
      propertyPath: m_Name
      value: Heirloom Particle Burst
      objectReference: {fileID: 0}
    - target: {fileID: 3919272288829191552, guid: ba607ee46c44f524f96b994471b5331a,
        type: 3}
      propertyPath: EmissionModule.m_Bursts.Array.data[0].countCurve.scalar
      value: 20
      objectReference: {fileID: 0}
    - target: {fileID: 8937516998295083741, guid: ba607ee46c44f524f96b994471b5331a,
        type: 3}
      propertyPath: m_LocalPosition.x
      value: 0
      objectReference: {fileID: 0}
    - target: {fileID: 8937516998295083741, guid: ba607ee46c44f524f96b994471b5331a,
        type: 3}
      propertyPath: m_LocalPosition.y
      value: 0
      objectReference: {fileID: 0}
    - target: {fileID: 8937516998295083741, guid: ba607ee46c44f524f96b994471b5331a,
        type: 3}
      propertyPath: m_LocalPosition.z
      value: 0.01
      objectReference: {fileID: 0}
    - target: {fileID: 8937516998295083741, guid: ba607ee46c44f524f96b994471b5331a,
        type: 3}
      propertyPath: m_LocalRotation.x
      value: 0
      objectReference: {fileID: 0}
    - target: {fileID: 8937516998295083741, guid: ba607ee46c44f524f96b994471b5331a,
        type: 3}
      propertyPath: m_LocalRotation.y
      value: 0
      objectReference: {fileID: 0}
    - target: {fileID: 8937516998295083741, guid: ba607ee46c44f524f96b994471b5331a,
        type: 3}
      propertyPath: m_LocalRotation.z
      value: 0
      objectReference: {fileID: 0}
    - target: {fileID: 8937516998295083741, guid: ba607ee46c44f524f96b994471b5331a,
        type: 3}
      propertyPath: m_LocalRotation.w
      value: 1
      objectReference: {fileID: 0}
    - target: {fileID: 8937516998295083741, guid: ba607ee46c44f524f96b994471b5331a,
        type: 3}
      propertyPath: m_RootOrder
      value: 0
      objectReference: {fileID: 0}
    - target: {fileID: 8937516998295083741, guid: ba607ee46c44f524f96b994471b5331a,
        type: 3}
      propertyPath: m_LocalEulerAnglesHint.x
      value: 0
      objectReference: {fileID: 0}
    - target: {fileID: 8937516998295083741, guid: ba607ee46c44f524f96b994471b5331a,
        type: 3}
      propertyPath: m_LocalEulerAnglesHint.y
      value: 0
      objectReference: {fileID: 0}
    - target: {fileID: 8937516998295083741, guid: ba607ee46c44f524f96b994471b5331a,
        type: 3}
      propertyPath: m_LocalEulerAnglesHint.z
      value: 0
      objectReference: {fileID: 0}
    - target: {fileID: 8937516998295083741, guid: ba607ee46c44f524f96b994471b5331a,
        type: 3}
      propertyPath: m_AnchoredPosition.x
      value: 0
      objectReference: {fileID: 0}
    - target: {fileID: 8937516998295083741, guid: ba607ee46c44f524f96b994471b5331a,
        type: 3}
      propertyPath: m_AnchoredPosition.y
      value: 0
      objectReference: {fileID: 0}
    - target: {fileID: 8937516998295083741, guid: ba607ee46c44f524f96b994471b5331a,
        type: 3}
      propertyPath: m_SizeDelta.x
      value: 100
      objectReference: {fileID: 0}
    - target: {fileID: 8937516998295083741, guid: ba607ee46c44f524f96b994471b5331a,
        type: 3}
      propertyPath: m_SizeDelta.y
      value: 100
      objectReference: {fileID: 0}
    - target: {fileID: 8937516998295083741, guid: ba607ee46c44f524f96b994471b5331a,
        type: 3}
      propertyPath: m_AnchorMin.x
      value: 0.5
      objectReference: {fileID: 0}
    - target: {fileID: 8937516998295083741, guid: ba607ee46c44f524f96b994471b5331a,
        type: 3}
      propertyPath: m_AnchorMin.y
      value: 0.5
      objectReference: {fileID: 0}
    - target: {fileID: 8937516998295083741, guid: ba607ee46c44f524f96b994471b5331a,
        type: 3}
      propertyPath: m_AnchorMax.x
      value: 0.5
      objectReference: {fileID: 0}
    - target: {fileID: 8937516998295083741, guid: ba607ee46c44f524f96b994471b5331a,
        type: 3}
      propertyPath: m_AnchorMax.y
      value: 0.5
      objectReference: {fileID: 0}
    - target: {fileID: 8937516998295083741, guid: ba607ee46c44f524f96b994471b5331a,
        type: 3}
      propertyPath: m_Pivot.x
      value: 0.5
      objectReference: {fileID: 0}
    - target: {fileID: 8937516998295083741, guid: ba607ee46c44f524f96b994471b5331a,
        type: 3}
      propertyPath: m_Pivot.y
      value: 0.5
      objectReference: {fileID: 0}
    m_RemovedComponents: []
  m_SourcePrefab: {fileID: 100100000, guid: ba607ee46c44f524f96b994471b5331a, type: 3}
--- !u!224 &2840192443319958496 stripped
RectTransform:
  m_CorrespondingSourceObject: {fileID: 8937516998295083741, guid: ba607ee46c44f524f96b994471b5331a,
    type: 3}
  m_PrefabInstance: {fileID: 6584847190813925693}
  m_PrefabAsset: {fileID: 0}
--- !u!198 &7856000411671680189 stripped
ParticleSystem:
  m_CorrespondingSourceObject: {fileID: 3919272288829191552, guid: ba607ee46c44f524f96b994471b5331a,
    type: 3}
  m_PrefabInstance: {fileID: 6584847190813925693}
  m_PrefabAsset: {fileID: 0}
